@book{k√∂nig1997measure,
  title={Measure and Integration: An Advanced Course in Basic Procedures and Applications},
  author={K{\"o}nig, H.},
  isbn={9783540618584},
  lccn={96046182},
  series={Lecture Notes in Mathematics Series},
  url={https://books.google.fr/books?id=4LWJ26R6ghoC},
  year={1997},
  publisher={Springer}
}
@book{rudin1995principes,
  title={Principes d'analyse math{\'e}matique},
  author={Rudin, Walter},
  year={1995},
  publisher={Ediscience international}
}
@book{tom2008algebraic,
  title={Algebraic topology},
  author={tom Dieck, Tammo},
  volume={8},
  year={2008},
  publisher={European Mathematical Society}
}
@book{koblitz2012p,
  title={p-adic Numbers, p-adic Analysis, and Zeta-Functions},
  author={Koblitz, Neal},
  volume={58},
  year={2012},
  publisher={Springer Science \& Business Media}
}
@book{stroock1998concise,
  title={A concise introduction to the theory of integration},
  author={Stroock, Daniel W},
  year={1998},
  publisher={Springer Science \& Business Media}
}
@book{dieudonne1969elements,
  title={El{\'e}ments d'analyse: tome I},
  author={Dieudonn{\'e}, Jean},
  year={1969},
  publisher={Gauthier-villars Paris}
}
